
@article{warstadt2020blimp,
  author={Warstadt, Alex and Parrish, Alicia and Liu, Haokun and Mohananey, Anhad and Peng, Wei and Wang, Sheng-Fu and Bowman, Samuel R},
  title={BLiMP: The benchmark of linguistic minimal pairs for English},
  journal={Transactions of the Association for Computational Linguistics},
  volume={8},
  pages={377--392},
  year={2020},
  publisher={MIT Press},
  key = {Warstadt et al. 2020}
}

@article{wei2021frequency,
  title={Frequency effects on syntactic rule learning in transformers},
  author={Wei, Jason and Garrette, Dan and Linzen, Tal and Pavlick, Ellie},
  journal={arXiv preprint arXiv:2109.07020},
  year={2021},
  key = {Wei et al. 2021}
}